[gd_scene load_steps=11 format=2]

[ext_resource path="res://WinLossScreen.gd" type="Script" id=1]
[ext_resource path="res://Assets/Background.png" type="Texture" id=2]
[ext_resource path="res://Assets/HumanFrozen.png" type="Texture" id=3]
[ext_resource path="res://Assets/hoomandirty.png" type="Texture" id=4]
[ext_resource path="res://Assets/hoomanclean.png" type="Texture" id=5]
[ext_resource path="res://Assets/hoomanburned.png" type="Texture" id=6]
[ext_resource path="res://Assets/YIKES!__.TTF" type="DynamicFontData" id=7]
[ext_resource path="res://Assets/RetryButtonNormal.png" type="Texture" id=8]
[ext_resource path="res://Assets/RetryButtonPushed.png" type="Texture" id=9]

[sub_resource type="DynamicFont" id=1]

size = 60
use_mipmaps = false
use_filter = false
font_data = ExtResource( 7 )
_sections_unfolded = [ "Font", "Settings" ]

[node name="Control" type="Control" index="0"]

anchor_left = 0.0
anchor_top = 0.0
anchor_right = 1.0
anchor_bottom = 1.0
rect_pivot_offset = Vector2( 0, 0 )
rect_clip_content = false
mouse_filter = 0
mouse_default_cursor_shape = 0
size_flags_horizontal = 1
size_flags_vertical = 1
script = ExtResource( 1 )

[node name="Background" type="Sprite" parent="." index="0"]

position = Vector2( 412.033, 671.682 )
scale = Vector2( 0.868149, 0.86815 )
texture = ExtResource( 2 )

[node name="hoomanfrozen" type="Sprite" parent="." index="1"]

visible = false
position = Vector2( 393.201, 913.756 )
scale = Vector2( 0.8, 0.8 )
texture = ExtResource( 3 )

[node name="hoomandirty" type="Sprite" parent="." index="2"]

visible = false
position = Vector2( 406.753, 894.773 )
scale = Vector2( 0.8, 0.8 )
texture = ExtResource( 4 )

[node name="hoomanclean" type="Sprite" parent="." index="3"]

visible = false
position = Vector2( 431.483, 864.487 )
scale = Vector2( 0.8, 0.8 )
texture = ExtResource( 5 )
_sections_unfolded = [ "Transform" ]

[node name="hoomanburned" type="Sprite" parent="." index="4"]

visible = false
position = Vector2( 397.191, 815.609 )
scale = Vector2( 0.8, 0.8 )
texture = ExtResource( 6 )

[node name="Label" type="Label" parent="." index="5"]

anchor_left = 0.0
anchor_top = 0.0
anchor_right = 1.0
anchor_bottom = 0.0
margin_bottom = 243.0
rect_pivot_offset = Vector2( 0, 0 )
rect_clip_content = false
mouse_filter = 2
mouse_default_cursor_shape = 0
size_flags_horizontal = 1
size_flags_vertical = 4
custom_fonts/font = SubResource( 1 )
custom_colors/font_color = Color( 0.292969, 0.233459, 0.233459, 1 )
text = "Ben is deded"
align = 1
valign = 1
percent_visible = 1.0
lines_skipped = 0
max_lines_visible = -1
_sections_unfolded = [ "Size Flags", "custom_colors", "custom_fonts" ]

[node name="Moosec" type="Label" parent="." index="6"]

anchor_left = 0.0
anchor_top = 1.0
anchor_right = 1.0
anchor_bottom = 1.0
margin_top = -321.0
margin_right = -177.0
rect_pivot_offset = Vector2( 0, 0 )
rect_clip_content = false
mouse_filter = 2
mouse_default_cursor_shape = 0
size_flags_horizontal = 1
size_flags_vertical = 4
custom_fonts/font = SubResource( 1 )
custom_colors/font_color = Color( 1, 1, 1, 1 )
text = "MUSIC

Off to Osaka 
by Kevin MacLeod"
valign = 1
percent_visible = 1.0
lines_skipped = 0
max_lines_visible = -1
_sections_unfolded = [ "Size Flags", "custom_colors", "custom_fonts" ]

[node name="TextureButton" type="TextureButton" parent="." index="7"]

anchor_left = 1.0
anchor_top = 1.0
anchor_right = 1.0
anchor_bottom = 1.0
margin_left = -284.0
margin_top = -300.0
rect_pivot_offset = Vector2( 0, 0 )
rect_clip_content = false
focus_mode = 2
mouse_filter = 0
mouse_default_cursor_shape = 0
size_flags_horizontal = 1
size_flags_vertical = 1
toggle_mode = false
enabled_focus_mode = 2
shortcut = null
group = null
texture_normal = ExtResource( 8 )
texture_pressed = ExtResource( 9 )
expand = true
_sections_unfolded = [ "Textures" ]

[connection signal="pressed" from="TextureButton" to="." method="_on_TextureButton_pressed"]


